@misc{rise_video, 
    author={{Team Pepper}},
    year={2022},
    title={The rise of video content: A brief explainer}, 
    howpublished ={\url{https://www.peppercontent.io/blog/rise-of-video-content/}},
    note = {Accessed: 2023-02-15}
 } 

@misc{youtube, 
    author={YouTube},
    year={2023},
    title={YouTube}, 
    howpublished ={\url{https://www.youtube.com/}},
    note = {Accessed: 2023-02-20}
 } 

 @misc{parker,
    author={Andrew Parker},
    year={2022},
    title={{Automatic Videography of Audio Tracks of Songs}},
    howpublished={\url{https://github.com/AndrewParker770/Automatic-Videography-of-Audio-Tracks-of-Songs}},
    note = {Accessed: 2023-02-20}
}
 
@misc{benefits_of_mmv, 
    title={Exploring the perceived benefits of the process of multimodal video making in developing multiliteracies}, 
    url={https://scholarspace.manoa.hawaii.edu/handle/10125/44642}, 
    journal={ScholarSpace}, 
    publisher={University of Hawaii National Foreign Language Resource Center}, 
    author={Yeh, Hui-Chin}, 
    year={2018}, 
    month={Jun}
} 

@article{vark,
  title={VARK visual, aural/auditory, read/write, kinesthetic},
  author={Fleming, Neil D},
  journal={New Zealand: Bonwell Green Mountain Falls},
  year={2006}
}

 @misc{django, 
    author = {Django},
    year = {2005},
    title = {The web framework for perfectionists with deadlines},
    howpublished ={\url{https://www.djangoproject.com/}},
    note = {Accessed: 2023-02-14}
}

@article{clip, 
    title={Learning transferable human-object interaction detector with natural language supervision}, 
    DOI={10.1109/cvpr52688.2022.00101}, 
    journal={2022 IEEE/CVF Conference on Computer Vision and Pattern Recognition (CVPR)}, 
    author={Wang, Suchen and Duan, Yueqi and Ding, Henghui and Tan, Yap-Peng and Yap, Kim-Hui and Yuan, Junsong}, 
    year={2022}
}

@misc{lrc,
    author = {Kuo (Djohan) Shiang-shiang},
    year = {2023},
    title = {LyRiCs (LRC) File Format},
    howpublished ={\url{https://docs.fileformat.com/misc/lrc/}},
    note = {Accessed: 2023-02-14},
}

@misc{pytube,
    author = {Ronnie Ghose, Taylor Fox Dahlin, Nick Ficano},
    year = {2022},
    title = {pytube},
    howpublished ={\url{https://github.com/pytube/pytube}},
    note = {Accessed: 2023-02-14},
}

@misc{shazamapi,
    author = {Numenorean},
    year = {2021},
    title = {ShazamAPI},
    howpublished ={\url{https://github.com/Numenorean/ShazamAPI}},
    note = {Accessed: 2023-02-14},
}

@misc{musixmatch,
    author = {MusixMatch},
    year = {2023},
    title = {MusixMatch Developer},
    howpublished ={\url{https://developer.musixmatch.com/}},
    note = {Accessed: 2023-02-14},
}

@misc{whisper, 
    title={Robust speech recognition via large-scale weak supervision}, 
    url={https://arxiv.org/abs/2212.04356}, 
    journal={arXiv.org}, 
    author={Radford, Alec and Kim, Jong Wook and Xu, Tao and Brockman, Greg and McLeavey, Christine and Sutskever, Ilya}, 
    year={2022}, 
    month={Dec}
}

@misc{mclip,
    author = {Fredde Frallan},
    year = {2022},
    title = {Multilingual-CLIP},
    howpublished ={\url{https://github.com/FreddeFrallan/Multilingual-CLIP}},
    note = {Accessed: 2023-02-14},
}

@inproceedings{json,
    title={Foundations of JSON schema},
    author={Pezoa, Felipe and Reutter, Juan L and Suarez, Fernando and Ugarte, Mart{\'\i}n and Vrgo{\v{c}}, Domagoj},
    booktitle={Proceedings of the 25th International Conference on World Wide Web},
    pages={263--273},
    year={2016},
    organization={International World Wide Web Conferences Steering Committee}
}